<?xml version="1.0" encoding="UTF-8"?><collection xmlns="http://www.loc.gov/MARC21/slim"><record><leader>00378nam--2200121-i-4500</leader><controlfield tag="001">000030625</controlfield><controlfield tag="002">20161230</controlfield><controlfield tag="005">20161230201038</controlfield><controlfield tag="008">060222s1000------------r-----000-0-eng-d</controlfield><datafield ind1=" " ind2=" " tag="080"><subfield code="a">017(44):016(44):061.62(44)</subfield></datafield><datafield ind1=" " ind2=" " tag="245"><subfield code="a">Liste recapitulative des textes c.e.a.publies dans la presse scientifique:1962-1964</subfield></datafield><datafield ind1=" " ind2=" " tag="260"><subfield code="a">Saclay, Commissariat A L`Energie Atomique, 1965</subfield></datafield><datafield ind1=" " ind2=" " tag="852"><subfield code="a">D1096</subfield></datafield></record></collection>